%YAML 1.1
%TAG !u! tag:unity3d.com,2011:
--- !u!1 &96431158078310107
GameObject:
  m_ObjectHideFlags: 0
  m_CorrespondingSourceObject: {fileID: 0}
  m_PrefabInstance: {fileID: 0}
  m_PrefabAsset: {fileID: 0}
  serializedVersion: 6
  m_Component:
  - component: {fileID: 1400904231791639472}
  m_Layer: 0
  m_Name: Handle
  m_TagString: Untagged
  m_Icon: {fileID: 0}
  m_NavMeshLayer: 0
  m_StaticEditorFlags: 0
  m_IsActive: 1
--- !u!4 &1400904231791639472
Transform:
  m_ObjectHideFlags: 0
  m_CorrespondingSourceObject: {fileID: 0}
  m_PrefabInstance: {fileID: 0}
  m_PrefabAsset: {fileID: 0}
  m_GameObject: {fileID: 96431158078310107}
  m_LocalRotation: {x: 0, y: 0, z: 0, w: 1}
  m_LocalPosition: {x: 0, y: 0, z: 0}
  m_LocalScale: {x: 1, y: 1, z: 1}
  m_Children:
  - {fileID: 986871530203234426}
  m_Father: {fileID: 5213935385947972007}
  m_RootOrder: 1
  m_LocalEulerAnglesHint: {x: 0, y: 0, z: 0}
--- !u!1 &2506679755107090474
GameObject:
  m_ObjectHideFlags: 0
  m_CorrespondingSourceObject: {fileID: 0}
  m_PrefabInstance: {fileID: 0}
  m_PrefabAsset: {fileID: 0}
  serializedVersion: 6
  m_Component:
  - component: {fileID: 5213935385947972007}
  - component: {fileID: 2120774581476563949}
  - component: {fileID: 2428224359196476361}
  - component: {fileID: 8673490251711203595}
  - component: {fileID: 64937109599269925}
  - component: {fileID: 434788106363879619}
  m_Layer: 0
  m_Name: Collider
  m_TagString: Untagged
  m_Icon: {fileID: 0}
  m_NavMeshLayer: 0
  m_StaticEditorFlags: 0
  m_IsActive: 1
--- !u!4 &5213935385947972007
Transform:
  m_ObjectHideFlags: 0
  m_CorrespondingSourceObject: {fileID: 0}
  m_PrefabInstance: {fileID: 0}
  m_PrefabAsset: {fileID: 0}
  m_GameObject: {fileID: 2506679755107090474}
  m_LocalRotation: {x: 0, y: 0, z: 0, w: 1}
  m_LocalPosition: {x: 0, y: 0, z: 0}
  m_LocalScale: {x: 1, y: 1, z: 1}
  m_Children:
  - {fileID: 6317309588682700413}
  - {fileID: 1400904231791639472}
  m_Father: {fileID: 3970578674314277724}
  m_RootOrder: 0
  m_LocalEulerAnglesHint: {x: 0, y: 0, z: 0}
--- !u!114 &2120774581476563949
MonoBehaviour:
  m_ObjectHideFlags: 0
  m_CorrespondingSourceObject: {fileID: 0}
  m_PrefabInstance: {fileID: 0}
  m_PrefabAsset: {fileID: 0}
  m_GameObject: {fileID: 2506679755107090474}
  m_Enabled: 1
  m_EditorHideFlags: 0
  m_Script: {fileID: 11500000, guid: 4e6ae3f654a88464b8db4b56dd6cb44c, type: 3}
  m_Name: 
  m_EditorClassIdentifier: 
  dragger: {fileID: 0}
  disableX: 1
  disableY: 0
  disableZ: 1
--- !u!136 &2428224359196476361
CapsuleCollider:
  m_ObjectHideFlags: 0
  m_CorrespondingSourceObject: {fileID: 0}
  m_PrefabInstance: {fileID: 0}
  m_PrefabAsset: {fileID: 0}
  m_GameObject: {fileID: 2506679755107090474}
  m_Material: {fileID: 0}
  m_IsTrigger: 0
  m_Enabled: 1
  m_Radius: 0.1
  m_Height: 0.6
  m_Direction: 1
  m_Center: {x: 0.0000000596, y: 0.25, z: -0.00000008947}
--- !u!114 &8673490251711203595
MonoBehaviour:
  m_ObjectHideFlags: 0
  m_CorrespondingSourceObject: {fileID: 0}
  m_PrefabInstance: {fileID: 0}
  m_PrefabAsset: {fileID: 0}
  m_GameObject: {fileID: 2506679755107090474}
  m_Enabled: 1
  m_EditorHideFlags: 0
  m_Script: {fileID: 11500000, guid: ca8f4154032889e4f92166e30a3c3e4c, type: 3}
  m_Name: 
  m_EditorClassIdentifier: 
--- !u!114 &64937109599269925
MonoBehaviour:
  m_ObjectHideFlags: 0
  m_CorrespondingSourceObject: {fileID: 0}
  m_PrefabInstance: {fileID: 0}
  m_PrefabAsset: {fileID: 0}
  m_GameObject: {fileID: 2506679755107090474}
  m_Enabled: 1
  m_EditorHideFlags: 0
  m_Script: {fileID: 11500000, guid: e19aca0e1734842678a0c3079d898f2a, type: 3}
  m_Name: 
  m_EditorClassIdentifier: 
  min: {x: 0.000000001, y: 0.2, z: 0.000000001}
  max: {x: 0.000000001, y: 2, z: 0.000000001}
  lastPos: {x: 0, y: 0, z: 0}
--- !u!114 &434788106363879619
MonoBehaviour:
  m_ObjectHideFlags: 0
  m_CorrespondingSourceObject: {fileID: 0}
  m_PrefabInstance: {fileID: 0}
  m_PrefabAsset: {fileID: 0}
  m_GameObject: {fileID: 2506679755107090474}
  m_Enabled: 1
  m_EditorHideFlags: 0
  m_Script: {fileID: 11500000, guid: d912b5062aeef45d4bc7f90ed32b7a05, type: 3}
  m_Name: 
  m_EditorClassIdentifier: 
  debounce: 0.2
--- !u!1 &3636034934323450384
GameObject:
  m_ObjectHideFlags: 0
  m_CorrespondingSourceObject: {fileID: 0}
  m_PrefabInstance: {fileID: 0}
  m_PrefabAsset: {fileID: 0}
  serializedVersion: 6
  m_Component:
  - component: {fileID: 3970578674314277724}
  - component: {fileID: 7774989641911755049}
  - component: {fileID: 4054042880096603021}
  - component: {fileID: 285949611382843006}
  - component: {fileID: 4734522730664544684}
  m_Layer: 0
  m_Name: Slider
  m_TagString: Untagged
  m_Icon: {fileID: 0}
  m_NavMeshLayer: 0
  m_StaticEditorFlags: 0
  m_IsActive: 1
--- !u!4 &3970578674314277724
Transform:
  m_ObjectHideFlags: 0
  m_CorrespondingSourceObject: {fileID: 0}
  m_PrefabInstance: {fileID: 0}
  m_PrefabAsset: {fileID: 0}
  m_GameObject: {fileID: 3636034934323450384}
  m_LocalRotation: {x: 0, y: 0, z: 0, w: 1}
  m_LocalPosition: {x: 0, y: 1, z: 0}
  m_LocalScale: {x: 1, y: 1, z: 1}
  m_Children:
  - {fileID: 5213935385947972007}
  m_Father: {fileID: 0}
  m_RootOrder: 0
  m_LocalEulerAnglesHint: {x: 0, y: 0, z: 0}
--- !u!114 &7774989641911755049
MonoBehaviour:
  m_ObjectHideFlags: 0
  m_CorrespondingSourceObject: {fileID: 0}
  m_PrefabInstance: {fileID: 0}
  m_PrefabAsset: {fileID: 0}
  m_GameObject: {fileID: 3636034934323450384}
  m_Enabled: 1
  m_EditorHideFlags: 0
  m_Script: {fileID: 11500000, guid: 9b91ecbcc199f4492b9a91e820070131, type: 3}
  m_Name: 
  m_EditorClassIdentifier: 
  m_ServerOnly: 0
  m_LocalPlayerAuthority: 0
  m_AssetId: efc229df99ee14fe1b7222637c89cbc4
  m_SceneId: 0
--- !u!114 &4054042880096603021
MonoBehaviour:
  m_ObjectHideFlags: 0
  m_CorrespondingSourceObject: {fileID: 0}
  m_PrefabInstance: {fileID: 0}
  m_PrefabAsset: {fileID: 0}
  m_GameObject: {fileID: 3636034934323450384}
  m_Enabled: 1
  m_EditorHideFlags: 0
  m_Script: {fileID: 11500000, guid: 158d4cdbd78b441718b96dbd297f33d5, type: 3}
  m_Name: 
  m_EditorClassIdentifier: 
  syncInterval: 0.1
--- !u!114 &285949611382843006
MonoBehaviour:
  m_ObjectHideFlags: 0
  m_CorrespondingSourceObject: {fileID: 0}
  m_PrefabInstance: {fileID: 0}
  m_PrefabAsset: {fileID: 0}
  m_GameObject: {fileID: 3636034934323450384}
  m_Enabled: 1
  m_EditorHideFlags: 0
  m_Script: {fileID: 11500000, guid: 5a8726cd1bf964db1b8599ad99cb179a, type: 3}
  m_Name: 
  m_EditorClassIdentifier: 
  bpm: 0
--- !u!114 &4734522730664544684
MonoBehaviour:
  m_ObjectHideFlags: 0
  m_CorrespondingSourceObject: {fileID: 0}
  m_PrefabInstance: {fileID: 0}
  m_PrefabAsset: {fileID: 0}
  m_GameObject: {fileID: 3636034934323450384}
  m_Enabled: 1
  m_EditorHideFlags: 0
  m_Script: {fileID: 11500000, guid: e2f8be3b9e86e47feac1fe3005be0f7e, type: 3}
  m_Name: 
  m_EditorClassIdentifier: 
--- !u!1 &6317309588682700384
GameObject:
  m_ObjectHideFlags: 0
  m_CorrespondingSourceObject: {fileID: 0}
  m_PrefabInstance: {fileID: 0}
  m_PrefabAsset: {fileID: 0}
  serializedVersion: 6
  m_Component:
  - component: {fileID: 6317309588682700413}
  - component: {fileID: 6317309588682700314}
  - component: {fileID: 6317309588682700308}
  - component: {fileID: 820249435793060124}
  - component: {fileID: 6096213647918889083}
  m_Layer: 0
  m_Name: BPMSlider
  m_TagString: Untagged
  m_Icon: {fileID: 0}
  m_NavMeshLayer: 0
  m_StaticEditorFlags: 0
  m_IsActive: 1
--- !u!4 &6317309588682700413
Transform:
  m_ObjectHideFlags: 0
  m_CorrespondingSourceObject: {fileID: 0}
  m_PrefabInstance: {fileID: 0}
  m_PrefabAsset: {fileID: 0}
  m_GameObject: {fileID: 6317309588682700384}
  m_LocalRotation: {x: -0, y: -0, z: -0, w: 1}
  m_LocalPosition: {x: 0, y: 0, z: 0}
  m_LocalScale: {x: 1, y: 1, z: 1}
  m_Children: []
  m_Father: {fileID: 5213935385947972007}
  m_RootOrder: 0
  m_LocalEulerAnglesHint: {x: 0, y: 0, z: 0}
--- !u!33 &6317309588682700314
MeshFilter:
  m_ObjectHideFlags: 0
  m_CorrespondingSourceObject: {fileID: 0}
  m_PrefabInstance: {fileID: 0}
  m_PrefabAsset: {fileID: 0}
  m_GameObject: {fileID: 6317309588682700384}
  m_Mesh: {fileID: 4300002, guid: f7dda9a73a7de914ea8762fa1f1e7deb, type: 3}
--- !u!23 &6317309588682700308
MeshRenderer:
  m_ObjectHideFlags: 0
  m_CorrespondingSourceObject: {fileID: 0}
  m_PrefabInstance: {fileID: 0}
  m_PrefabAsset: {fileID: 0}
  m_GameObject: {fileID: 6317309588682700384}
  m_Enabled: 1
  m_CastShadows: 1
  m_ReceiveShadows: 1
  m_DynamicOccludee: 1
  m_MotionVectors: 1
  m_LightProbeUsage: 1
  m_ReflectionProbeUsage: 1
  m_RenderingLayerMask: 1
  m_RendererPriority: 0
  m_Materials:
  - {fileID: 2100000, guid: a7e4b575cf97f5b43b2d8f5e421c3b41, type: 2}
  m_StaticBatchInfo:
    firstSubMesh: 0
    subMeshCount: 0
  m_StaticBatchRoot: {fileID: 0}
  m_ProbeAnchor: {fileID: 0}
  m_LightProbeVolumeOverride: {fileID: 0}
  m_ScaleInLightmap: 1
  m_PreserveUVs: 0
  m_IgnoreNormalsForChartDetection: 0
  m_ImportantGI: 0
  m_StitchLightmapSeams: 0
  m_SelectedEditorRenderState: 3
  m_MinimumChartSize: 4
  m_AutoUVMaxDistance: 0.5
  m_AutoUVMaxAngle: 89
  m_LightmapParameters: {fileID: 0}
  m_SortingLayerID: 0
  m_SortingLayer: 0
  m_SortingOrder: 0
--- !u!114 &820249435793060124
MonoBehaviour:
  m_ObjectHideFlags: 0
  m_CorrespondingSourceObject: {fileID: 0}
  m_PrefabInstance: {fileID: 0}
  m_PrefabAsset: {fileID: 0}
  m_GameObject: {fileID: 6317309588682700384}
  m_Enabled: 1
  m_EditorHideFlags: 0
  m_Script: {fileID: 11500000, guid: d97215e6fab4442829281d05eb5bbef5, type: 3}
  m_Name: 
  m_EditorClassIdentifier: 
  delay: 0.2
--- !u!114 &6096213647918889083
MonoBehaviour:
  m_ObjectHideFlags: 0
  m_CorrespondingSourceObject: {fileID: 0}
  m_PrefabInstance: {fileID: 0}
  m_PrefabAsset: {fileID: 0}
  m_GameObject: {fileID: 6317309588682700384}
  m_Enabled: 1
  m_EditorHideFlags: 0
  m_Script: {fileID: 11500000, guid: 125294e57c1fe5d46a301eea73972e01, type: 3}
  m_Name: 
  m_EditorClassIdentifier: 
--- !u!1001 &3306437236486030587
PrefabInstance:
  m_ObjectHideFlags: 0
  serializedVersion: 2
  m_Modification:
    m_TransformParent: {fileID: 1400904231791639472}
    m_Modifications:
    - target: {fileID: 7794024807161803374, guid: 91ae465d1aa9bcd43be7833ca9adc54f,
        type: 3}
      propertyPath: m_Name
      value: Handle
      objectReference: {fileID: 0}
    - target: {fileID: 2328573524151239809, guid: 91ae465d1aa9bcd43be7833ca9adc54f,
        type: 3}
      propertyPath: m_LocalPosition.x
      value: 0
      objectReference: {fileID: 0}
    - target: {fileID: 2328573524151239809, guid: 91ae465d1aa9bcd43be7833ca9adc54f,
        type: 3}
      propertyPath: m_LocalPosition.y
      value: 0.2
      objectReference: {fileID: 0}
    - target: {fileID: 2328573524151239809, guid: 91ae465d1aa9bcd43be7833ca9adc54f,
        type: 3}
      propertyPath: m_LocalPosition.z
      value: 0
      objectReference: {fileID: 0}
    - target: {fileID: 2328573524151239809, guid: 91ae465d1aa9bcd43be7833ca9adc54f,
        type: 3}
      propertyPath: m_LocalRotation.x
      value: 0
      objectReference: {fileID: 0}
    - target: {fileID: 2328573524151239809, guid: 91ae465d1aa9bcd43be7833ca9adc54f,
        type: 3}
      propertyPath: m_LocalRotation.y
      value: 0
      objectReference: {fileID: 0}
    - target: {fileID: 2328573524151239809, guid: 91ae465d1aa9bcd43be7833ca9adc54f,
        type: 3}
      propertyPath: m_LocalRotation.z
      value: 0
      objectReference: {fileID: 0}
    - target: {fileID: 2328573524151239809, guid: 91ae465d1aa9bcd43be7833ca9adc54f,
        type: 3}
      propertyPath: m_LocalRotation.w
      value: 1
      objectReference: {fileID: 0}
    - target: {fileID: 2328573524151239809, guid: 91ae465d1aa9bcd43be7833ca9adc54f,
        type: 3}
      propertyPath: m_RootOrder
      value: 0
      objectReference: {fileID: 0}
    - target: {fileID: 2328573524151239809, guid: 91ae465d1aa9bcd43be7833ca9adc54f,
        type: 3}
      propertyPath: m_LocalEulerAnglesHint.x
      value: 0
      objectReference: {fileID: 0}
    - target: {fileID: 2328573524151239809, guid: 91ae465d1aa9bcd43be7833ca9adc54f,
        type: 3}
      propertyPath: m_LocalEulerAnglesHint.y
      value: 0
      objectReference: {fileID: 0}
    - target: {fileID: 2328573524151239809, guid: 91ae465d1aa9bcd43be7833ca9adc54f,
        type: 3}
      propertyPath: m_LocalEulerAnglesHint.z
      value: 0
      objectReference: {fileID: 0}
    - target: {fileID: 2767899090265197450, guid: 91ae465d1aa9bcd43be7833ca9adc54f,
        type: 3}
      propertyPath: m_LocalScale.x
      value: 0.1
      objectReference: {fileID: 0}
    - target: {fileID: 2767899090265197450, guid: 91ae465d1aa9bcd43be7833ca9adc54f,
        type: 3}
      propertyPath: m_LocalScale.y
      value: 0.1
      objectReference: {fileID: 0}
    - target: {fileID: 2767899090265197450, guid: 91ae465d1aa9bcd43be7833ca9adc54f,
        type: 3}
      propertyPath: m_LocalScale.z
      value: 0.1
      objectReference: {fileID: 0}
    - target: {fileID: 5492815540076896088, guid: 91ae465d1aa9bcd43be7833ca9adc54f,
        type: 3}
      propertyPath: spriteOffsetY
      value: 0
      objectReference: {fileID: 0}
    - target: {fileID: 5492815540076896088, guid: 91ae465d1aa9bcd43be7833ca9adc54f,
        type: 3}
      propertyPath: spriteOffsetXZ
      value: 0.15
      objectReference: {fileID: 0}
    - target: {fileID: 5492815540076896088, guid: 91ae465d1aa9bcd43be7833ca9adc54f,
        type: 3}
      propertyPath: distanceFromCam
      value: 0.5
      objectReference: {fileID: 0}
    - target: {fileID: 5492815540076896088, guid: 91ae465d1aa9bcd43be7833ca9adc54f,
        type: 3}
      propertyPath: fadeIntensity
      value: 0.5
      objectReference: {fileID: 0}
    - target: {fileID: 5443018639186040347, guid: 91ae465d1aa9bcd43be7833ca9adc54f,
        type: 3}
      propertyPath: m_Sprite
      value: 
      objectReference: {fileID: 21300000, guid: a31a3e97fe1cbdf41806e47f1db4164a,
        type: 3}
    - target: {fileID: 5443018639186040347, guid: 91ae465d1aa9bcd43be7833ca9adc54f,
        type: 3}
      propertyPath: m_Color.g
      value: 0.37254903
      objectReference: {fileID: 0}
    - target: {fileID: 5443018639186040347, guid: 91ae465d1aa9bcd43be7833ca9adc54f,
        type: 3}
      propertyPath: m_Color.b
      value: 0.76862746
      objectReference: {fileID: 0}
    m_RemovedComponents: []
  m_SourcePrefab: {fileID: 100100000, guid: 91ae465d1aa9bcd43be7833ca9adc54f, type: 3}
--- !u!4 &986871530203234426 stripped
Transform:
  m_CorrespondingSourceObject: {fileID: 2328573524151239809, guid: 91ae465d1aa9bcd43be7833ca9adc54f,
    type: 3}
  m_PrefabInstance: {fileID: 3306437236486030587}
  m_PrefabAsset: {fileID: 0}
